<record><leader>00000cas a22000007a 4500</leader><controlfield tag="001">25575335</controlfield><controlfield tag="008">920402d197u1982ctucr ne      0    0eng d</controlfield><datafield ind1=" " ind2=" " tag="010"><subfield code="a">sn 94049696 </subfield></datafield><datafield ind1=" " ind2=" " tag="040"><subfield code="a">CNW</subfield><subfield code="b">eng</subfield><subfield code="c">CNW</subfield><subfield code="d">DLC</subfield><subfield code="d">CNW</subfield><subfield code="d">OCLCQ</subfield><subfield code="d">OCLCF</subfield><subfield code="d">OCLCO</subfield></datafield><datafield ind1="1" ind2=" " tag="029"><subfield code="a">AU@</subfield><subfield code="b">000011229969</subfield></datafield><datafield ind1=" " ind2=" " tag="042"><subfield code="a">msc</subfield></datafield><datafield ind1=" " ind2=" " tag="043"><subfield code="a">n-us-ct</subfield></datafield><datafield ind1="0" ind2="4" tag="245"><subfield code="a">The Pictorial.</subfield></datafield><datafield ind1="3" ind2="0" tag="246"><subfield code="a">Saturday, the pictorial</subfield><subfield code="f">Apr. 1981-1982</subfield></datafield><datafield ind1="3" ind2="0" tag="246"><subfield code="a">Thursday, the pictorial</subfield><subfield code="f">&lt;Nov. 1980&gt;-Jan. 6, 1981</subfield></datafield><datafield ind1="3" ind2="0" tag="246"><subfield code="a">Tuesday, the pictorial</subfield><subfield code="f">&lt;Nov. 1980&gt;-1982</subfield></datafield><datafield ind1=" " ind2=" " tag="260"><subfield code="a">Old Saybrook, Conn. :</subfield><subfield code="b">Shore Line Times Co.</subfield></datafield><datafield ind1=" " ind2=" " tag="300"><subfield code="a">v.</subfield></datafield><datafield ind1=" " ind2=" " tag="310"><subfield code="a">Semiweekly,</subfield><subfield code="b">Apr. 4, 1981-1982</subfield></datafield><datafield ind1=" " ind2=" " tag="321"><subfield code="a">Weekly,</subfield><subfield code="b">&lt;Mar. 15, 1977-Apr. 10, 1979&gt;</subfield></datafield><datafield ind1=" " ind2=" " tag="321"><subfield code="a">Semiweekly,</subfield><subfield code="b">&lt;Nov. 6, 1980&gt;-Jan. 6, 1981</subfield></datafield><datafield ind1=" " ind2=" " tag="321"><subfield code="a">Weekly,</subfield><subfield code="b">Jan. 13, 1981-Mar. 31, 1981</subfield></datafield><datafield ind1="0" ind2=" " tag="362"><subfield code="a">-v. 17, no. 30 (May 18, 1982).</subfield></datafield><datafield ind1=" " ind2=" " tag="500"><subfield code="a">Issues include day of week in masthead, e.g. Tuesday, the pictorial, &lt;Nov. 6, 1980&gt;.</subfield></datafield><datafield ind1=" " ind2=" " tag="515"><subfield code="a">Saturday issues have their own numbering.</subfield></datafield><datafield ind1=" " ind2=" " tag="588"><subfield code="a">Description based on: Vol. 12, no. 4 (Jan. 25, 1977).</subfield></datafield><datafield ind1=" " ind2="0" tag="651"><subfield code="a">Old Saybrook (Conn.)</subfield><subfield code="v">Newspapers.</subfield></datafield><datafield ind1=" " ind2="0" tag="651"><subfield code="a">Middlesex County (Conn.)</subfield><subfield code="v">Newspapers.</subfield></datafield><datafield ind1=" " ind2="0" tag="651"><subfield code="a">New London County (Conn.)</subfield><subfield code="v">Newspapers.</subfield></datafield><datafield ind1=" " ind2="7" tag="655"><subfield code="a">Newspapers.</subfield><subfield code="2">fast</subfield><subfield code="0">(OCoLC)fst01423814</subfield></datafield><datafield ind1=" " ind2="7" tag="651"><subfield code="a">Connecticut</subfield><subfield code="z">Middlesex County.</subfield><subfield code="2">fast</subfield><subfield code="0">(OCoLC)fst01209862</subfield></datafield><datafield ind1=" " ind2="7" tag="651"><subfield code="a">Connecticut</subfield><subfield code="z">New London County.</subfield><subfield code="2">fast</subfield><subfield code="0">(OCoLC)fst01221053</subfield></datafield><datafield ind1=" " ind2="7" tag="651"><subfield code="a">Connecticut</subfield><subfield code="z">Old Saybrook.</subfield><subfield code="2">fast</subfield><subfield code="0">(OCoLC)fst01212741</subfield></datafield><datafield ind1=" " ind2=" " tag="752"><subfield code="a">United States</subfield><subfield code="b">Connecticut</subfield><subfield code="c">Middlesex</subfield><subfield code="d">Old Saybrook.</subfield></datafield><datafield ind1="0" ind2="0" tag="780"><subfield code="t">Old Saybrook pictorial</subfield><subfield code="w">(DLC)sn 94053220</subfield><subfield code="w">(OCoLC)31006809</subfield></datafield><datafield ind1="0" ind2="5" tag="780"><subfield code="t">New era (Deep River, Conn. : 1938)</subfield><subfield code="g">Jan. 1977</subfield><subfield code="w">(DLC)sn 92051220</subfield></datafield><datafield ind1="0" ind2="0" tag="785"><subfield code="t">Saybrook pictorial</subfield><subfield code="w">(DLC)sn 92051222</subfield><subfield code="w">(OCoLC)25575383</subfield></datafield></record>